@article{ErgezerL14,
  author    = {Halit Ergezer and
               Kemal Leblebicioglu},
  title     = {3D Path Planning for Multiple UAVs for Maximum Information
               Collection},
  journal   = {Journal of Intelligent and Robotic Systems},
  volume    = {73},
  number    = {1-4},
  year      = {2014},
  pages     = {737-762},
  ee        = {http://dx.doi.org/10.1007/s10846-013-9895-6},
  bibsource = {DBLP, http://dblp.uni-trier.de}
}

@ARTICLE{Yilmaz08,
author={Yilmaz, N.K. and Evangelinos, C. and Lermusiaux, P. F J and Patrikalakis, N.M.}, 
journal={Oceanic Engineering, IEEE Journal of}, 
title={Path Planning of Autonomous Underwater Vehicles for Adaptive Sampling Using Mixed Integer Linear Programming}, 
year={2008}, 
month={Oct}, 
volume={33}, 
number={4}, 
pages={522-537}, 
doi={10.1109/JOE.2008.2002105}, 
ISSN={0364-9059},}

@INPROCEEDINGS{Hover09, 
author={Hover, F.S.}, 
booktitle={Intelligent Robots and Systems, 2009. IROS 2009. IEEE/RSJ International Conference on}, 
title={Path planning for data assimilation in mobile environmental monitoring systems}, 
year={2009}, 
month={Oct}, 
pages={213-218}, 
doi={10.1109/IROS.2009.5354367},}
